<?xml version="1.0" encoding="UTF-8"?>
<record
    xmlns:xsi="http://www.w3.org/2001/XMLSchema-instance"
    xsi:schemaLocation="http://www.loc.gov/MARC21/slim http://www.loc.gov/standards/marcxml/schema/MARC21slim.xsd"
    xmlns="http://www.loc.gov/MARC21/slim">

  <leader>00095nam a2200061   4500</leader>
  <datafield tag="245" ind1="0" ind2="0">
    <subfield code="a">Zebra default</subfield>
  </datafield>
  <datafield tag="942" ind1="0" ind2="0">
    <subfield code="n">1</subfield>
  </datafield>
  <datafield tag="999" ind1=" " ind2=" ">
    <subfield code="c">1</subfield>
    <subfield code="d">1</subfield>
  </datafield>
  <datafield tag="952" ind1=" " ind2=" ">
    <subfield code="w">2009-07-16</subfield>
    <subfield code="7">1</subfield>
    <subfield code="r">2009-07-16</subfield>
    <subfield code="4">1</subfield>
    <subfield code="0">1</subfield>
    <subfield code="9">1</subfield>
    <subfield code="b">NYAM</subfield>
    <subfield code="1">1</subfield>
    <subfield code="d">2009-07-16</subfield>
    <subfield code="n">1</subfield>
    <subfield code="q">0000-00-00</subfield>
    <subfield code="a">NYAM</subfield>
  </datafield>
</record>