
<?xml version="1.0" encoding="UTF-8"?>
<record
    xmlns:xsi="http://www.w3.org/2001/XMLSchema-instance"
    xsi:schemaLocation="http://www.loc.gov/MARC21/slim http://www.loc.gov/standards/marcxml/schema/MARC21slim.xsd"
    xmlns="http://www.loc.gov/MARC21/slim">

  <leader>02113nam a22004218i 4500</leader>
  <controlfield tag="001">24783</controlfield>
  <controlfield tag="005">20020426081326.0</controlfield>
  <controlfield tag="008">810903s1981    us            101 0 eng d</controlfield>
  <datafield tag="020" ind1=" " ind2=" ">
    <subfield code="a">0845116045</subfield>
  </datafield>
  <datafield tag="035" ind1=" " ind2=" ">
    <subfield code="z">VOY24783</subfield>
  </datafield>
  <datafield tag="035" ind1=" " ind2=" ">
    <subfield code="9">.b10251959</subfield>
    <subfield code="b">mbks </subfield>
    <subfield code="c">-</subfield>
  </datafield>
  <datafield tag="035" ind1=" " ind2=" ">
    <subfield code="9">.b10251959</subfield>
    <subfield code="b">mbks </subfield>
    <subfield code="c">-</subfield>
  </datafield>
  <datafield tag="035" ind1=" " ind2=" ">
    <subfield code="a">(OCoLC)ocm07777162</subfield>
  </datafield>
  <datafield tag="040" ind1=" " ind2=" ">
    <subfield code="a">NLM</subfield>
    <subfield code="c">NLM</subfield>
    <subfield code="d">m.c.</subfield>
    <subfield code="d">VVK</subfield>
    <subfield code="d">WaOLN</subfield>
  </datafield>
  <datafield tag="049" ind1=" " ind2=" ">
    <subfield code="a">VVKM</subfield>
  </datafield>
  <datafield tag="060" ind1=" " ind2=" ">
    <subfield code="a">W1 CU82R v.5 (P)</subfield>
    <subfield code="a">[WG 100 N533 1980]</subfield>
  </datafield>
  <datafield tag="069" ind1="0" ind2=" ">
    <subfield code="a">8108660</subfield>
  </datafield>
  <datafield tag="096" ind1=" " ind2=" ">
    <subfield code="a">WG 100 N533 1980</subfield>
  </datafield>
  <datafield tag="245" ind1="0" ind2="0">
    <subfield code="a">New trends in nutrition, lipid research, and cardiovascular diseases /</subfield>
    <subfield code="c">edited by Nicolás G. Bazán, Rodolfo Paoletti, James M. Iacono ; associate editors, Haydée E. Pascual de Bazan ... [et al.].</subfield>
  </datafield>
  <datafield tag="260" ind1="0" ind2=" ">
    <subfield code="a">New York :</subfield>
    <subfield code="b">Liss,</subfield>
    <subfield code="c">1981.</subfield>
  </datafield>
  <datafield tag="300" ind1=" " ind2=" ">
    <subfield code="a">xii, 314 p. :</subfield>
    <subfield code="b">ill. ;</subfield>
    <subfield code="c">24 cm.</subfield>
  </datafield>
  <datafield tag="440" ind1=" " ind2="0">
    <subfield code="a">Current topics in nutrition and disease ;</subfield>
    <subfield code="v">v. 5.</subfield>
    <subfield code="0">(nnnam)104736</subfield>
  </datafield>
  <datafield tag="500" ind1=" " ind2=" ">
    <subfield code="a">"Proceedings from the International Symposium on New Trends in Nutrition, Lipid Research, and Cardiovascular Diseases held in November 1980 at Bahía Blanca, Argentina, organized by the Instituto de Investigaciones Bioquímicas, and sponsored by the Consejo Nacional de Investigaciones Científicas y Técnicas and the Universidad Nacional del Sur."--Pref.</subfield>
  </datafield>
  <datafield tag="504" ind1=" " ind2=" ">
    <subfield code="a">References.</subfield>
  </datafield>
  <datafield tag="650" ind1=" " ind2="2">
    <subfield code="a">Cardiovascular Diseases</subfield>
    <subfield code="v">Congresses.</subfield>
    <subfield code="0">(nnnam)150364</subfield>
  </datafield>
  <datafield tag="650" ind1=" " ind2="2">
    <subfield code="a">Lipids</subfield>
    <subfield code="v">Congresses.</subfield>
    <subfield code="0">(nnnam)150365</subfield>
  </datafield>
  <datafield tag="650" ind1=" " ind2="2">
    <subfield code="a">Nutrition</subfield>
    <subfield code="v">Congresses.</subfield>
    <subfield code="0">(nnnam)150366</subfield>
  </datafield>
  <datafield tag="700" ind1="1" ind2=" ">
    <subfield code="a">Bazán, Nicolás G.</subfield>
    <subfield code="0">(nnnam)57024</subfield>
  </datafield>
  <datafield tag="700" ind1="1" ind2=" ">
    <subfield code="a">Paoletti, Rodolfo.</subfield>
    <subfield code="0">(nnnam)48242</subfield>
  </datafield>
  <datafield tag="700" ind1="1" ind2=" ">
    <subfield code="a">Iacono, James M.</subfield>
    <subfield code="0">(nnnam)57086</subfield>
  </datafield>
  <datafield tag="710" ind1="2" ind2=" ">
    <subfield code="a">Universidad Nacional del Sur.</subfield>
    <subfield code="b">Instituto de Investigaciones Bioguímicas.</subfield>
    <subfield code="0">(nnnam)150367</subfield>
  </datafield>
  <datafield tag="710" ind1="2" ind2=" ">
    <subfield code="a">Consejo Nacional de Investigaciones Científicas y Técnicas (Argentina)</subfield>
    <subfield code="0">(nnnam)89299</subfield>
  </datafield>
  <datafield tag="710" ind1="2" ind2=" ">
    <subfield code="a">Universidad Nacional del Sur.</subfield>
    <subfield code="0">(nnnam)90747</subfield>
  </datafield>
  <datafield tag="711" ind1="2" ind2=" ">
    <subfield code="a">International Symposium on New Trends in Nutrition, Lipid Research, and Cardiovascular Diseases</subfield>
    <subfield code="d">(1980 :</subfield>
    <subfield code="c">Bahía Blanca, Argentina)</subfield>
    <subfield code="0">(nnnam)100216</subfield>
  </datafield>
  <datafield tag="902" ind1=" " ind2=" ">
    <subfield code="a">020506</subfield>
  </datafield>
  <datafield tag="910" ind1=" " ind2=" ">
    <subfield code="a">24783</subfield>
  </datafield>
  <datafield tag="998" ind1=" " ind2=" ">
    <subfield code="b">1</subfield>
    <subfield code="c">020506</subfield>
    <subfield code="d">m</subfield>
    <subfield code="e">a</subfield>
    <subfield code="f">-</subfield>
    <subfield code="g">0</subfield>
  </datafield>
  <datafield tag="999" ind1=" " ind2=" ">
    <subfield code="c">30</subfield>
    <subfield code="d">30</subfield>
  </datafield>
  <datafield tag="952" ind1=" " ind2=" ">
    <subfield code="w">2009-07-16</subfield>
    <subfield code="p">3068100113782</subfield>
    <subfield code="y">MAIN</subfield>
    <subfield code="r">2009-07-16</subfield>
    <subfield code="4">0</subfield>
    <subfield code="0">0</subfield>
    <subfield code="6">WG_100_N533_1980</subfield>
    <subfield code="9">30</subfield>
    <subfield code="b">NYAM</subfield>
    <subfield code="1">0</subfield>
    <subfield code="o">WG 100 N533 1980</subfield>
    <subfield code="d">2004-05-24</subfield>
    <subfield code="t">1</subfield>
    <subfield code="8">GENERAL</subfield>
    <subfield code="7">0</subfield>
    <subfield code="c">MBKSO</subfield>
    <subfield code="2">z</subfield>
    <subfield code="a">NYAM</subfield>
  </datafield>
</record>