
<?xml version="1.0" encoding="UTF-8"?>
<record
    xmlns:xsi="http://www.w3.org/2001/XMLSchema-instance"
    xsi:schemaLocation="http://www.loc.gov/MARC21/slim http://www.loc.gov/standards/marcxml/schema/MARC21slim.xsd"
    xmlns="http://www.loc.gov/MARC21/slim">

  <leader>01297nam a2200349Ii 4500</leader>
  <controlfield tag="001">19720</controlfield>
  <controlfield tag="005">20020426081207.0</controlfield>
  <controlfield tag="008">790821s1979    sz a          101 0 enged</controlfield>
  <datafield tag="020" ind1=" " ind2=" ">
    <subfield code="a">3805529880</subfield>
  </datafield>
  <datafield tag="035" ind1=" " ind2=" ">
    <subfield code="z">VOY19720</subfield>
  </datafield>
  <datafield tag="035" ind1=" " ind2=" ">
    <subfield code="9">.b10198817</subfield>
    <subfield code="b">mbks </subfield>
    <subfield code="c">-</subfield>
  </datafield>
  <datafield tag="035" ind1=" " ind2=" ">
    <subfield code="9">.b10198817</subfield>
    <subfield code="b">mbks </subfield>
    <subfield code="c">-</subfield>
  </datafield>
  <datafield tag="035" ind1=" " ind2=" ">
    <subfield code="a">(OCoLC)ocm05294339</subfield>
  </datafield>
  <datafield tag="040" ind1=" " ind2=" ">
    <subfield code="a">NLM</subfield>
    <subfield code="c">NBG</subfield>
    <subfield code="d">VVK</subfield>
    <subfield code="d">WaOLN</subfield>
  </datafield>
  <datafield tag="049" ind1=" " ind2=" ">
    <subfield code="a">VVKM</subfield>
  </datafield>
  <datafield tag="099" ind1=" " ind2=" ">
    <subfield code="a">COPY</subfield>
    <subfield code="a">THIS</subfield>
    <subfield code="a">ON</subfield>
    <subfield code="a">SLIP:</subfield>
    <subfield code="a">PER.</subfield>
  </datafield>
  <datafield tag="110" ind1="2" ind2=" ">
    <subfield code="a">Bárány Society.</subfield>
    <subfield code="0">(nnnam)92917</subfield>
  </datafield>
  <datafield tag="245" ind1="1" ind2="0">
    <subfield code="a">Frontiers in vestibular and oculo-motor research :</subfield>
    <subfield code="b">liber-amicorum in honour of Hans Engström /</subfield>
    <subfield code="c">volume editor, J. Stahle.</subfield>
  </datafield>
  <datafield tag="300" ind1=" " ind2=" ">
    <subfield code="a">x, 226 p. :</subfield>
    <subfield code="b">ill., port.</subfield>
  </datafield>
  <datafield tag="500" ind1=" " ind2=" ">
    <subfield code="a">In: Advances in oto-rhino-laryngology, Basel, New York, 1979, v. 25.</subfield>
  </datafield>
  <datafield tag="500" ind1=" " ind2=" ">
    <subfield code="a">Proceedings of Bárány Society ordinary meeting in Uppsala, June 1-3, 1978.</subfield>
  </datafield>
  <datafield tag="504" ind1=" " ind2=" ">
    <subfield code="a">References.</subfield>
  </datafield>
  <datafield tag="650" ind1=" " ind2="2">
    <subfield code="a">Labyrinth Diseases</subfield>
    <subfield code="v">Congresses.</subfield>
    <subfield code="0">(nnnam)150368</subfield>
  </datafield>
  <datafield tag="650" ind1=" " ind2="2">
    <subfield code="a">Oculomotor Muscles</subfield>
    <subfield code="v">Congresses.</subfield>
    <subfield code="0">(nnnam)150369</subfield>
  </datafield>
  <datafield tag="650" ind1=" " ind2="2">
    <subfield code="a">Oculomotor Nerve</subfield>
    <subfield code="v">Congresses.</subfield>
    <subfield code="0">(nnnam)150370</subfield>
  </datafield>
  <datafield tag="650" ind1=" " ind2="2">
    <subfield code="a">Vestibule</subfield>
    <subfield code="v">Congresses.</subfield>
    <subfield code="0">(nnnam)150371</subfield>
  </datafield>
  <datafield tag="700" ind1="1" ind2=" ">
    <subfield code="a">Stahle, Jan,</subfield>
    <subfield code="d">1924-</subfield>
    <subfield code="0">(nnnam)150372</subfield>
  </datafield>
  <datafield tag="700" ind1="1" ind2=" ">
    <subfield code="a">Engström, Hans Holger Helmer,</subfield>
    <subfield code="d">1912-</subfield>
    <subfield code="0">(nnnam)150373</subfield>
  </datafield>
  <datafield tag="902" ind1=" " ind2=" ">
    <subfield code="a">020506</subfield>
  </datafield>
  <datafield tag="910" ind1=" " ind2=" ">
    <subfield code="a">19720</subfield>
  </datafield>
  <datafield tag="998" ind1=" " ind2=" ">
    <subfield code="b">1</subfield>
    <subfield code="c">020506</subfield>
    <subfield code="d">m</subfield>
    <subfield code="e">a</subfield>
    <subfield code="f">-</subfield>
    <subfield code="g">0</subfield>
  </datafield>
  <datafield tag="999" ind1=" " ind2=" ">
    <subfield code="c">31</subfield>
    <subfield code="d">31</subfield>
  </datafield>
  <datafield tag="952" ind1=" " ind2=" ">
    <subfield code="w">2009-07-16</subfield>
    <subfield code="p">8632</subfield>
    <subfield code="y">SERIAL</subfield>
    <subfield code="r">2009-07-16</subfield>
    <subfield code="4">0</subfield>
    <subfield code="0">0</subfield>
    <subfield code="6">COPY_THIS_ON_SLIP_PER</subfield>
    <subfield code="9">31</subfield>
    <subfield code="b">NYAM</subfield>
    <subfield code="1">0</subfield>
    <subfield code="o">COPY  THIS  ON  SLIP:  PER.</subfield>
    <subfield code="d">2004-05-24</subfield>
    <subfield code="t">1</subfield>
    <subfield code="8">GENERAL</subfield>
    <subfield code="7">0</subfield>
    <subfield code="c">MSOLD</subfield>
    <subfield code="2">z</subfield>
    <subfield code="a">NYAM</subfield>
  </datafield>
</record>